@misc{simplePlanes,
    title = {Simple Planes},
    author = {{Jundroo}},
    url = {https://www.simpleplanes.com/},
}

@misc{funkyTrees,
    title = {Funky Trees - A Guide},
    author = {{``SnoWFLakE0s''}},
    url = {https://snowflake0s.github.io/funkyguide/}
}

@book{langAndTools,
    author = {Salus, Peter H.},
    title = {Handbook of Programming Languages},
    subtitle = {Little Languages and Tools},
    isbn = {1578700108},
    year = {1998},
    publisher = {Macmillan Technical Publishing},
}

@article{metaprogramming,
    author = {Stucki, Nicolas and Biboudis, Aggelos and Odersky, Martin},
    title = {A Practical Unification of Multi-Stage Programming and Macros},
    year = {2018},
    issue_date = {September 2018},
    publisher = {Association for Computing Machinery},
    address = {New York, NY, USA},
    volume = {53},
    number = {9},
    issn = {0362-1340},
    doi = {10.1145/3393934.3278139},
    pages = {14â€“27},
}

@misc{less-funky-trees,
    title = {Funky Trees Compiler},
    author = {Kmetiuk, Anatolii},
    url = {https://github.com/anatoliykmetyuk/less-funky-trees}
}
  
@InProceedings{ceZoo,
    author = {Petricek, Tomas and Syme, Don},
    editor = {Flatt, Matthew and Guo, Hai-Feng},
    title = {The F{\#} Computation Expression Zoo},
    booktitle = {Practical Aspects of Declarative Languages},
    year = {2014},
    publisher = {Springer International Publishing},
    pages = {33-48},
    isbn= {978-3-319-04132-2},
}

